@article{buonaiuto2023best,
  title={Best practices for portfolio optimization by quantum computing, experimented on real quantum devices},
  author={Buonaiuto, Giuseppe and Gargiulo, Francesco and De Pietro, Giuseppe and Esposito, Massimo and Pota, Marco},
  journal={Scientific Reports},
  volume={13},
  number={1},
  pages={19434},
  year={2023},
  publisher={Nature Publishing Group UK London}
}

@book{land2010automatic,
  title={An automatic method for solving discrete programming problems},
  author={Land, Ailsa H and Doig, Alison G},
  year={2010},
  publisher={Springer}
}

@article{blekos2024review,
  title={A review on quantum approximate optimization algorithm and its variants},
  author={Blekos, Kostas and Brand, Dean and Ceschini, Andrea and Chou, Chiao-Hui and Li, Rui-Hao and Pandya, Komal and Summer, Alessandro},
  journal={Physics Reports},
  volume={1068},
  pages={1--66},
  year={2024},
  publisher={Elsevier}
}

@misc{qiskit_portfolio_optimization,
  title={Portfolio Optimization using Qiskit Finance},
  author={Qiskit},
  howpublished={\url{https://qiskit-community.github.io/qiskit-finance/tutorials/01_portfolio_optimization.html}},
  year={2024}
}